@article{lutgehetmannComputingPersistentHomology2020,
  title = {Computing {{Persistent Homology}} of {{Directed Flag Complexes}}},
  author = {L{\"u}tgehetmann, Daniel and Govc, Dejan and Smith, Jason P. and Levi, Ran},
  year = {2020},
  journal = {Algorithms},
  volume = {13},
  number = {1},
  issn = {1999-4893},
  doi = {10.3390/a13010019}
}
